<?xml version="1.0" encoding="UTF-8"?><collection xmlns="http://www.loc.gov/MARC21/slim"><record><leader>00383nam--2200121-i-4500</leader><controlfield tag="001">000007562</controlfield><controlfield tag="002">20161230</controlfield><controlfield tag="005">20170224010325</controlfield><controlfield tag="008">060222s1000------------r-----000-0-eng-d</controlfield><datafield ind1=" " ind2=" " tag="245"><subfield code="a">Culegere de instructiuni date de primul arbitru de stat, comentata si adnotata de N.Manolescu - I.Cioara</subfield></datafield><datafield ind1=" " ind2=" " tag="260"><subfield code="a">Bucuresti</subfield><subfield code="b">Editura Stiintifica</subfield><subfield code="c">1966</subfield></datafield><datafield ind1=" " ind2=" " tag="300"><subfield code="a">384 p</subfield></datafield><datafield ind1=" " ind2=" " tag="CAT"><subfield code="a">SYS</subfield><subfield code="c">20170224</subfield><subfield code="h">010325</subfield></datafield></record></collection>